@article{rolfs74,
author={C. Rolfs and R. E. Azuma},
journal={npa},
title={Interference effects in $^{12}$C(p,$\gamma$)$^{13}$N and direct capture to bound states},
volume={227},
pages={291-308},
year={1974}} 

@Article{angu01,
  journal       = {npa},
  author        = {C. Angulo and M. Couder and S. Cherubini and W. Galster and J.-S. Graulich and P. Leleux and F. Vanderbist and A.C. Shotter},
  title         = {First results with the recoil separator {ARES}},
  issn          = {0375-9474},
  pages         = {462 - 464},
  volume        = {688},
  number        = {1-2},
  year          = {2001},
  doi           = {10.1016/S0375-9474(01)00756-4},
  url           = {http://www.sciencedirect.com/science/article/pii/S0375947401007564}
}
@article{angu99,
  journal       = {npa},
  author        = {C. Angulo and M. Arnould and M. Rayet and P. Descouvemont and D. Baye and C. Leclercq-Willain and A. Coc and S. Barhoumi and P. Aguer and C. Rolfs and R. Kunz and J.W. Hammer and A. Mayer and T. Paradellis and S. Kossionides and C. Chronidou and K. Spyrou and S. Degl'Innocenti and G. Fiorentini and B. Ricci and S. Zavatarelli and C. Providencia and H. Wolters and J. Soares and C. Grama and J. Rahighi and A. Shotter and M. Lamehi Rachti},
  title         = {A compilation of charged particle induced thermonuclear reaction rates},
  issn          = {0375-9474},
  pages         = {3--181},
  volume        = {656},
  year          = {1999},
  doi           = {10.1016/S0375-9474(99)00030-5}
}
@article{bard09,
  issn          = {1434-6001},
  keyword       = {Physics and Astronomy},
  pages         = {457-460},
  issue         = {3},
  url           = {http://dx.doi.org/10.1140/epja/i2008-10737-8},
  publisher     = {Springer Berlin / Heidelberg},
  journal       = {epja},
  author        = {Bardayan, D. and Chipps, K. and Fitzgerald, R. and Blackmon, J. and Chae, K. and Champagne, A. and Greife, U. and Hatarik, R. and Kozub, R. and Matei, C. and Moazen, B. and Nesaraja, C. and Pain, S. and Peters, W. and Pittman, S. and Shriner, J. and Smith, M.},
  title         = {Direct measurements of ($p$,$\gamma$) cross-sections at astrophysical energies using radioactive beams and the Daresbury Recoil Separator},
  volume        = {42},
  affiliation   = {Oak Ridge National Laboratory Physics Division 37831 Oak Ridge TN USA},
  year          = {2009},
  note          = {10.1140/epja/i2008-10737-8}
}
@article{card96,
  journal       = {nima},
  author        = {G. Cardella and F. Amorini and M. Cabibbo and A Di Pietro and G. Fallica and G. Franzò and P. Figuera and S. Li and A. Musumarra and M. Papa and G. Pappalardo and G. Percolla and F. Priolo and V. Privitera and F. Rizzo and S. Tudisco},
  title         = {A monolithic silicon detector telescope},
  issn          = {0168-9002},
  pages         = {262 - 266},
  volume        = {378},
  number        = {1 -- 2},
  year          = {1996},
  doi           = {10.1016/0168-9002(96)00164-7},
  url           = {http://www.sciencedirect.com/science/article/pii/0168900296001647}
}
@article{caug88,
  journal       = {adndt},
  author        = {G. R. Caughlan and W. A. Fowler},
  title         = {THERMONUCLEAR REACTION RATES {V}},
  pages         = {283--334},
  volume        = {40},
  year          = {1988}
}
@article{chip09a,
  journal       = {prl},
  author        = {Chipps, K. A. and Bardayan, D. W. and Blackmon, J. C. and Chae, K. Y. and Greife, U. and Hatarik, R. and Kozub, R. L. and Matei, C. and Moazen, B. H. and Nesaraja, C. D. and Pain, S. D. and Peters, W. A. and Pittman, S. T. and Shriner, J. F. and Smith, M. S.},
  title         = {First Direct Measurement of the $^{17}\mathbf{F}$($p$,$\gamma$)$^{18}\mathrm{Ne}$ Cross Section},
  issue         = {15},
  pages         = {152502},
  volume        = {102},
  month         = {Apr},
  numpages      = {4},
  year          = {2009},
  url           = {http://link.aps.org/doi/10.1103/PhysRevLett.102.152502},
  doi           = {10.1103/PhysRevLett.102.152502},
  publisher     = {American Physical Society}
}
@article{chip09b,
  journal       = {prc},
  author        = {Chipps, K. A. and Bardayan, D. W. and Nesaraja, C. D. and Smith, M. S. and Blackmon, J. C. and Chae, K. Y. and Moazen, B. H. and Pittman, S. T. and Greife, U. and Hatarik, R. and Peters, W. A. and Kozub, R. L. and Shriner, J. F. and Matei, C. and Pain, S. D.},
  title         = {The $^{17}\mathrm{F}$($p,\gamma${})$^{18}\mathrm{Ne}$ resonant cross section},
  issue         = {6},
  pages         = {065810},
  volume        = {80},
  month         = {Dec},
  numpages      = {8},
  year          = {2009},
  url           = {http://link.aps.org/doi/10.1103/PhysRevC.80.065810},
  doi           = {10.1103/PhysRevC.80.065810},
  publisher     = {American Physical Society}
}
@article{coud03,
  journal       = {nima},
  author        = {M Couder and C Angulo and W Galster and J.-S Graulich and P Leleux and P Lipnik and G Tabacaru and F Vanderbist},
  title         = {Performance of the {ARES} recoil separator for ($p$,$\gamma$) reaction measurements},
  keywords      = {Nuclear astrophysics},
  issn          = {0168-9002},
  pages         = {26 - 34},
  volume        = {506},
  number        = {1-2},
  year          = {2003},
  note          = {},
  doi           = {10.1016/S0168-9002(03)01381-0},
  url           = {http://www.sciencedirect.com/science/article/pii/S0168900203013810}
}
@article{coud05,
  journal       = {npa},
  author        = {M. Couder and C. Angulo and E. Casarejos and P. Demaret and P. Leleux and F. Vanderbist},
  title         = {Study of the $^{19}${Ne}($p$,$\gamma$)$^{20}${Na} reaction and subsequent improvements to {ARES}},
  issn          = {0375-9474},
  pages         = {741 - 744},
  volume        = {758},
  number        = {0},
  year          = {2005},
  doi           = {10.1016/j.nuclphysa.2005.05.191},
  url           = {http://www.sciencedirect.com/science/article/pii/S0375947405008286}
}
@article{daur04,
  journal       = {prc},
  author        = {D'Auria, J. M. and Azuma, R. E. and Bishop, S.  and Buchmann, L.  and Chatterjee, M. L. and Chen, A. A. and Engel, S.  and Gigliotti, D.  and Greife, U.  and Hunter, D.  and Hussein, A.  and Hutcheon, D.  and Jewett, C. C. and Jos\'e, J.  and King, J. D. and Laird, A. M. and Lamey, M.  and Lewis, R.  and Liu, W.  and Olin, A.  and Ottewell, D.  and Parker, P.  and Rogers, J.  and Ruiz, C.  and Trinczek, M.  and Wrede, C.},
  title         = {{The $^{21}$Na($p$,$\gamma$ )$^{22}$Mg reaction from $E_{c.m.}$ = 200 to 1103 keV in novae and x-ray bursts}},
  pages         = {065803},
  volume        = {69},
  year          = {2004},
  doi           = {10.1103/PhysRevC.69.065803},
  publisher     = {American Physical Society}
}
@article{dile08,
  journal       = {nima},
  author        = {A. DiLeva and M. De Cesare and D. Sch\"{u}rmann and N. De Cesare and A. D’Onofrio and L. Gialanella and R. Kunz and G. Imbriani and A. Ordine and V. Roca and D. Rogalla and C. Rolfs and M. Romano and E. Somorjai and F. Strieder and F. Terrasi},
  title         = {Recoil separator {ERNA}: Measurement of $^3${He}($\alpha$,$\gamma$)$^7${Be}},
  keywords      = {Recoil separator},
  issn          = {0168-9002},
  pages         = {381--390},
  volume        = {595},
  number        = {2},
  year          = {2008},
  note          = {},
  doi           = {10.1016/j.nima.2008.07.082},
  url           = {http://www.sciencedirect.com/science/article/pii/S0168900208009236}
}
@article{dile09,
  journal       = {prl},
  author        = {DiLeva, A. and Gialanella, L. and Kunz, R. and Rogalla, D. and Sch\"urmann, D. and Strieder, F. and De Cesare, M. and De Cesare, N. and D'Onofrio, A. and F\"ul\"op, Z. and Gy\"urky, G. and Imbriani, G. and Mangano, G. and Ordine, A. and Roca, V. and Rolfs, C. and Romano, M. and Somorjai, E. and Terrasi, F.},
  title         = {Stellar and Primordial Nucleosynthesis of $^{7}\mathrm{Be}$: Measurement of $^{3}\mathrm{He}$($\alpha$,$\gamma$)$^{7}\mathrm{Be}$},
  issue         = {23},
  pages         = {232502},
  month         = {Jun},
  volume        = {102},
  numpages      = {4},
  year          = {2009},
  doi           = {10.1103/PhysRevLett.102.232502},
  url           = {http://link.aps.org/doi/10.1103/PhysRevLett.102.232502},
  publisher     = {American Physical Society}
}
@article{gial00,
  issn          = {1434-6001},
  keyword       = {Physics and Astronomy},
  pages         = {303--305},
  issue         = {3},
  url           = {http://dx.doi.org/10.1007/PL00013599},
  publisher     = {Springer Berlin / Heidelberg},
  journal       = {epja},
  author        = {Gialanella, L. and Strieder, F. and Campajola, L. and D'Onofrio, A. and Greife, U. and Gyurky, G. and Imbriani, G. and Oliviero, G. and Ordine, A. and Roca, V. and Rolfs, C. and Romano, M. and Rogalla, D. and Sabbarese, C. and Somorjai, E. and Terrasi, F. and Trautvetter, H.P.},
  title         = {Absolute cross section of $p$($^7${Be},$\gamma$)$^8${B} using a novel approach},
  volume        = {7},
  affiliation   = {Dipartimento di Scienze Fisiche, Università Federico II, Napoli and INFN, Napoli, Italy IT},
  year          = {2000},
  note          = {10.1007/PL00013599}
}
@article{gial02,
  journal       = {nimb},
  author        = {L Gialanella and U Greife and N De Cesare and A D'Onofrio and M Romano and L Campajola and A Formicola and Z Fulop and G Gyurky and G Imbriani and C Lubritto and A Ordine and V Roca and D Rogalla and C Rolfs and M Russo and C Sabbarese and E Somorjai and F Strieder and F Terrasi and H.P Trautvetter},
  title         = {Off-line production of a $^7${Be} radioactive ion beam},
  issn          = {0168-583X},
  pages         = {150 -- 154},
  volume        = {197},
  number        = {1--2},
  year          = {2002},
  note          = {},
  doi           = {10.1016/S0168-583X(02)01386-1},
  url           = {http://www.sciencedirect.com/science/article/pii/S0168583X02013861}
}
@article{gial04,
  journal       = {nima},
  author        = {L Gialanella and D Sch\"{u}rmann and F Strieder and A Di Leva and N De Cesare and A D’Onofrio and G Imbriani and J Klug and C Lubritto and A Ordine and V Roca and H R\"{o}cken and C Rolfs and D Rogalla and M Romano and F Sch\"{u}mann and F Terrasi and H.P Trautvetter},
  title         = {Recoil separator {ERNA}: gas target and beam suppression},
  keywords      = {Recoil separator},
  issn          = {0168-9002},
  pages         = {432 - 438},
  volume        = {522},
  number        = {3},
  year          = {2004},
  note          = {},
  doi           = {10.1016/j.nima.2003.11.386},
  url           = {http://www.sciencedirect.com/science/article/pii/S0168900203031541}
}
@article{gial96,
  journal       = {nima},
  author        = {L Gialanella and F Strieder and K Brand and L Campajola and A D'Onofrio and U Greife and E Huttel and F Petrazzuolo and V Roca and C Rolfs and M Romano and M Romoli and S Schmidt and W.H Schulte and F Terrasi and H.P Trautvetter and D Zahnow},
  title         = {A recoil separator for the measurement of radiative capture reactions},
  issn          = {0168-9002},
  pages         = {174 - 184},
  volume        = {376},
  number        = {2},
  year          = {1996},
  note          = {},
  doi           = {10.1016/0168-9002(96)00264-1},
  url           = {http://www.sciencedirect.com/science/article/pii/0168900296002641}
}
@article{grei04,
  journal       = {nimb},
  author        = {U Greife and S Bishop and L Buchmann and M.L Chatterjee and A.A Chen and J.M D'Auria and S Engel and D Gigliotti and D Hunter and D.A Hutcheon and A Hussein and C.C Jewett and A.M Laird and M Lamey and W Liu and A Olin and D Ottewell and J Rogers and C Wrede},
  title         = {Energy loss around the stopping power maximum of {Ne, Mg and Na} ions in hydrogen gas},
  issn          = {0168-583X},
  pages         = {1 -- 6},
  volume        = {217},
  number        = {1},
  year          = {2004},
  note          = {},
  doi           = {10.1016/j.nimb.2003.09.042},
  url           = {http://www.sciencedirect.com/science/article/pii/S0168583X03020172}
}
@article{hahn87,
  journal       = {prc},
  author        = {Hahn, K. H. and Chang, K. H. and Donoghue, T. R. and Filippone, B. W.},
  title         = {Search for nonresonant capture in the $^{16}${O}($\alpha$,$\gamma$)$^{20}${Ne} reaction at low energies},
  pages         = {892--898},
  volume        = {36},
  month         = {Sep},
  numpages      = {6},
  number        = {3},
  year          = {1987},
  doi           = {10.1103/PhysRevC.36.892},
  publisher     = {American Physical Society}
}
@article{hutc03b,
  journal       = {nima},
  author        = {D. A. Hutcheon and S. Bishop and L. Buchmann and M. L. Chatterjee and A. A. Chen and J. M. D'Auria and S. Engel and D. Gigliotti and U. Greife and D. Hunter and A. Hussein and C. C. Jewett and N. Khan and M. Lamey and A. M. Laird and W. Liu and A. Olin and D. Ottewell and J. G. Rogers and G. Roy and H. Sprenger and C. Wrede},
  title         = {The {DRAGON} facility for nuclear astrophysics at {TRIUMF-ISAC}: design, construction and operation},
  pages         = {190--210},
  volume        = {498},
  year          = {2003}
}
@article{hutc08,
  journal       = {nimb},
  author        = {D. Hutcheon and L. Buchmann and A.A. Chen and J.M. D'Auria and C.A. Davis and U. Greife and A. Hussein and D.F. Ottewell and C.V. Ouellet and A. Parikh and P. Parker and J. Pearson and C. Ruiz and G. Ruprecht and M. Trinczek and C. Vockenhuber},
  title         = {Background suppression by the {DRAGON} radiative capture facility at {TRIUMF/ISAC}},
  issn          = {0168-583X},
  pages         = {4171--4175},
  volume        = {266},
  year          = {2008},
  doi           = {10.1016/j.nimb.2008.05.133},
  url           = {http://www.sciencedirect.com/science/article/pii/S0168583X0800699X}
}
@article{ilia01,
  journal       = {apjs},
  author        = {Christian Iliadis and John M. D'Auria and Sumner Starrfield  and  William J. Thompson  and Michael Wiescher},
  title         = {Proton-induced Thermonuclear Reaction Rates for {A} = 20–40 Nuclei},
  pages         = {151--171},
  volume        = {134},
  year          = {2001}
}
@article{ilia02,
  journal       = {apjs},
  author        = {C. Iliadis and Art Champagne and Jordi Jos\'{e} and Sumner Starrfield and Paul Tupper},
  title         = {{The Effects of Thermonuclear Reaction-Rate Variations on Nova Nucleosynthesis: A Sensitivity Study}},
  pages         = {105--137},
  volume        = {142},
  year          = {2002}
}
@article{kemm88,
  journal       = {Sensors and Actuators},
  author        = {J. A. Kemmer},
  title         = {Silicon detectors for nuclear reactions},
  pages         = {169--184},
  volume        = {15},
  year          = {1988}
}
@article{krem88,
  journal       = {prl},
  author        = {Kremer, R. M. and Barnes, C. A. and Chang, K. H. and Evans, H. C. and Filippone, B. W. and Hahn, K. H. and Mitchell, L. W.},
  title         = {Coincidence measurement of the $^{12}${C}($\alpha${},$\gamma${}${)}^{16}${O} cross section at low energies},
  issue         = {15},
  pages         = {1475--1478},
  month         = {Apr},
  volume        = {60},
  year          = {1988},
  doi           = {10.1103/PhysRevLett.60.1475},
  url           = {http://link.aps.org/doi/10.1103/PhysRevLett.60.1475},
  publisher     = {American Physical Society}
}
@article{liu03,
  journal       = {Nuclear Instruments and Methods in Physics Research Section A: Accelerators, Spectrometers, Detectors and Associated Equipment},
  author        = {W Liu and G Imbriani and L Buchmann and A.A Chen and J.M D'Auria and A D’Onofrio and S Engel and L Gialanella and U Greife and D Hunter and A Hussein and D.A Hutcheon and A Olin and D Ottewell and D Rogalla and J Rogers and M Romano and G Roy and F Terrasi},
  title         = {Charge state studies of low energy heavy ions passing through hydrogen and helium gas},
  keywords      = {Charge state distributions},
  issn          = {0168-9002},
  pages         = {198--214},
  volume        = {496},
  number        = {1},
  year          = {2003},
  note          = {},
  doi           = {10.1016/S0168-9002(02)01629-7},
  url           = {http://www.sciencedirect.com/science/article/pii/S0168900202016297}
}
@article{rade84,
  journal       = {nim},
  author        = {V. Radeka},
  title         = {Semiconductor position-sensitive detectors},
  issn          = {0168-9002},
  pages         = {209--218},
  volume        = {226},
  number        = {1},
  year          = {1984},
  note          = {},
  doi           = {10.1016/0168-9002(84)90193-1},
  url           = {http://www.sciencedirect.com/science/article/pii/0168900284901931}
}
@article{roga03,
  journal       = {nima},
  author        = {D. Rogalla and D. Sch\"{u}rmann and F. Strieder and M. Aliotta and N. DeCesare and A. DiLeva and C. Lubritto and A. D’Onofrio and L. Gialanella and G. Imbriani and J. Kluge and A. Ordine and V. Roca and H. R\"{o}cken and C. Rolfs and M. Romano and F. Sch\"{u}mann and F. Terrasi and H.P. Trautvetter},
  title         = {Recoil separator {ERNA}: acceptances in angle and energy},
  keywords      = {Recoil separator},
  issn          = {0168-9002},
  pages         = {573 - 578},
  volume        = {513},
  number        = {3},
  year          = {2003},
  note          = {},
  doi           = {10.1016/j.nima.2003.07.001},
  url           = {http://www.sciencedirect.com/science/article/pii/S016890020302120X}
}
@article{roga99,
  journal       = {nima},
  author        = {D Rogalla and S Theis and L Campajola and A D'Onofrio and L Gialanella and U Greife and G Imbriani and A Ordine and V Roca and C Rolfs and M Romano and C Sabbarese and F Sch\"{u}mann and F Strieder and F Terrasi and H.P Trautvetter},
  title         = {Recoil separator {ERNA}: ion beam purification},
  keywords      = {ERNA},
  issn          = {0168-9002},
  pages         = {266 - 273},
  volume        = {437},
  number        = {2-3},
  year          = {1999},
  note          = {},
  doi           = {10.1016/S0168-9002(99)00767-6},
  url           = {http://www.sciencedirect.com/science/article/pii/S0168900299007676}
}
@book{rolf88,
  author        = {C.~E.~Rolfs and W.~S.~Rodney},
  title         = {Cauldrons in the Cosmos},
  year          = {1988},
  publisher     = {The University of Chicago Press}
}
@article{rolfs74,
  journal       = {npa},
  author        = {C. Rolfs and R. E. Azuma},
  title         = {Interference effects in $^{12}$C(p,$\gamma$)$^{13}$N and direct capture to unbound states},
  pages         = {291-308},
  volume        = {227},
  year          = {1974}
}
@article{scha98,
  journal       = {Physics Reports},
  author        = {H. Schatz and A. Aprahamian and J. Görres and M. Wiescher and T. Rauscher and J.F. Rembges and F.-K. Thielemann and B. Pfeiffer and P. Möller and K.-L. Kratz and H. Herndl and B.A. Brown and H. Rebel},
  title         = {rp-process nucleosynthesis at extreme temperature and density conditions},
  keywords      = {Thermonuclear reaction rates},
  issn          = {0370-1573},
  pages         = {167 - 263},
  volume        = {294},
  number        = {4},
  year          = {1998},
  note          = {},
  doi           = {10.1016/S0370-1573(97)00048-3},
  url           = {http://www.sciencedirect.com/science/article/pii/S0370157397000483}
}
@article{schu04,
  journal       = {nima},
  author        = {D. Sch\"{u}rmann and F. Strieder and A. Di Leva and L. Gialanella and N. De Cesare and A. D'Onofrio and G. Imbriani and J. Klug and C. Lubritto and A. Ordine and V. Roca and H. Röcken and C. Rolfs and D. Rogalla and M. Romano and F. Sch\"{u}mann and F. Terrasi and H.P. Trautvetter},
  title         = {Recoil separator {ERNA}: charge state distribution, target density, beam heating, and longitudinal acceptance},
  keywords      = {Recoil separator},
  issn          = {0168-9002},
  pages         = {428 - 434},
  volume        = {531},
  number        = {3},
  year          = {2004},
  note          = {},
  doi           = {10.1016/j.nima.2004.05.131},
  url           = {http://www.sciencedirect.com/science/article/pii/S0168900204012896}
}
@article{schu05,
  journal       = {npa},
  author        = {D. Sch\"{u}rmann and A. Di Leva and N. De Cesare and L. Gialanella and G. Imbriani and C. Lubritto and A. Ordine and V. Roca and H. R\"{o}cken and C. Rolfs and D. Rogalla and M. Romano and F. Sch\"{u}mann and F. Strieder and F. Terrasi and H.-P. Trautvetter},
  title         = {Measurement of the cross section of $^{12}${C}($\alpha$,$\gamma$)$^{16}${O} using the recoil mass separator {ERNA}},
  issn          = {0375-9474},
  pages         = {367 - 370},
  volume        = {758},
  number        = {0},
  year          = {2005},
  doi           = {10.1016/j.nuclphysa.2005.05.067},
  url           = {http://www.sciencedirect.com/science/article/pii/S0375947405007165}
}
@article{smit91,
  journal       = {nima},
  author        = {M.S. Smith and C. Rolfs and C.A. Barnes},
  title         = {A recoil separator for use in radioactive ion beam experiments},
  issn          = {0168-9002},
  pages         = {233--239},
  volume        = {306},
  number        = {1--2},
  year          = {1991},
  note          = {},
  doi           = {10.1016/0168-9002(91)90327-M},
  url           = {http://www.sciencedirect.com/science/article/pii/016890029190327M}
}
@article{smit98,
  journal       = {Proc. Of the 2nd Oak Ridge Symp. on Atomic and Nuclear Astrophysics, ed. A. Mezzacappa},
  author        = {M.S. Smith and J.C. Blackmon and P.E. Koehler and T.A. Lewis and J.W. McConnell and W.T. Milner and D.E. Pierce and D. Shapira and D.W. Bardayan and A.A. Chen and P.D. Parker and K.B. Swartz and D.W. Visser and R.L. Kozub and B.A. Johnson and M.E. Roettger and A.E. Champagne and Z. Ma and U. Greife and F. Strieder and A.N. James and M.A. Hofstee and M. Allen},
  pages         = {511--18},
  year          = {1998},
  publisher     = {IOP Publ.}
}
@article{star82,
  journal       = {nim},
  author        = {W. Starzecki and A.M. Stefanini and S. Lunardi and C. Signorini},
  title         = {A compact time-zero detector for mass identification of heavy ions},
  issn          = {0167-5087},
  pages         = {499 - 505},
  volume        = {193},
  number        = {3},
  year          = {1982},
  note          = {},
  doi           = {10.1016/0029-554X(82)90242-7},
  url           = {http://www.sciencedirect.com/science/article/pii/0029554X82902427}
}
@article{terr01,
  journal       = {npa},
  author        = {F. Terrasi and L. Gialanella and G. Imbriani and F. Strieder and L. Campajola and A. D'Onofrio and U. Greife and G. Gyurky and C. Lubritto and A. Ordine and V. Roca and C. Rolfs and M. Romano and D. Rogalla and C. Sabbarese and E. Somorjai and H.P. Trautvetter},
  title         = {Direct measurement of the absolute cross section of $p$($^7${Be},$\gamma$)$^8${B}},
  issn          = {0375-9474},
  pages         = {539 -- 542},
  volume        = {688},
  number        = {1--2},
  year          = {2001},
  note          = {<ce:title>Nuclei in the Cosmos</ce:title>},
  doi           = {10.1016/S0375-9474(01)00781-3},
  url           = {http://www.sciencedirect.com/science/article/pii/S0375947401007813}
}
@article{tudi99,
  journal       = {nima},
  author        = {S Tudisco and F Amorini and M Cabibbo and G Cardella and G De Geronimo and A Di Pietro and G Fallica and P Figuera and A Musumarra and M Papa and G Pappalardo and F Rizzo and G Valvo},
  title         = {A new large area monolithic silicon telescope},
  keywords      = {Implanted silicon telescope},
  issn          = {0168-9002},
  pages         = {436 -- 445},
  volume        = {426},
  number        = {2-3},
  year          = {1999},
  doi           = {10.1016/S0168-9002(98)01235-2},
  url           = {http://www.sciencedirect.com/science/article/pii/S0168900298012352}
}
@article{vock08,
  journal       = {nimb},
  author        = {C. Vockenhuber and L. Buchmann and J. Caggiano and A.A. Chen and J.M. D'Auria and C.A. Davis and U. Greife and A. Hussein and D.A. Hutcheon and D. Ottewell and C.O. Ouellet and A. Parikh and J. Pearson and C. Ruiz and G. Ruprecht and M. Trinczek and J. Zylberberg},
  title         = {Improvements of the {DRAGON} recoil separator at {ISAC}},
  pages         = {4167--4170},
  volume        = {266},
  year          = {2008}
}
@article{vock09,
  journal       = {nima},
  author        = {C. Vockenhuber and L.E. Erikson and L. Buchmann and U. Greife and U. Hager and D.A. Hutcheon and M. Lamey and P. Machule and D. Ottewell and C. Ruiz and G. Ruprecht},
  title         = {A transmission time-of-flight system for particle identification at a recoil mass separator at low energies},
  pages         = {372--378},
  volume        = {603},
  year          = {2009},
  doi           = {DOI: 10.1016/j.nima.2009.02.016}
}
@misc{zieg,
  author        = {J. Ziegler},
  howpublished  = {\url{http://www.srim.org}}
}
@string{aa = "Astron. Astrophys"}
@string{adndt = "Atomic Data and Nuclear Data Tables"}
@string{apj = "Astrophys. J."}
@string{apjs = "Astrophys. J. Suppl."}
@string{epja = "Eur. Phys. J. A"}
@string{epjc = "Eur. Phys. J. C"}
@string{epjd = "Eur. Phys. J. D"}
@string{jpb = "J. Phys. B: At. Mol. Opt. Phys"}
@string{nim = "Nucl. Instr. Meth."}
@string{nima = "Nucl. Instr. Meth. A"}
@string{nimb = "Nucl. Instr. Meth. B"}
@string{npa = "Nucl. Phys. A"}
@string{pl = "Phys. Lett."}
@string{pla = "Phys. Lett. A"}
@string{plb = "Phys. Lett. B"}
@string{prc = "Phys. Rev. C"}
@string{prl = "Phys. Rev. Lett."}
@string{rmp = "Rev. Mod. Phys."}
@string{zpa = "Z. Phys. A"}
